%%%%%%%%%%%%%%%%%%%%%%%%%%%%%%%%%%%%%%%%%%%%%%%%%%%%%%%%%%%%%%%%%%%%%%%%%%%


@inproceedings{Silva2018graph,
  title={Graph Databases in Molecular Biology},
  author={Silva, Waldeyr M. C. da and Wercelens, Polyane and Walter, Maria Em{\'\i}lia M. T. and Holanda, Maristela and Br{\'\i}gido, Marcelo},
  booktitle={Brazilian Symposium on Bioinformatics},
  pages={50--57},
  year={2018},
  organization={Springer}
}

@inproceedings{buchenau2000experience,
  title={Experience prototyping},
  author={Buchenau, Marion and Suri, Jane Fulton},
  booktitle={Proceedings of the 3rd conference on Designing interactive systems: processes, practices, methods, and techniques},
  pages={424--433},
  year={2000},
  organization={ACM}
}

@misc{resolucao,
	title={{Resolução nº 09, de 1º de Novembro de 2011}},
	author={IFG},
	howpublished={\url{http://w2.ifg.edu.br/index.php/resolucoes}},
	year={2011},
	note = {Online; acessado em 06 de junho de 2019}
}

@misc{lei11892,
  title={Lei nº 11.892, de 29 de Dezembro de 2008},
  author={BRASIL},
  note={Institui a Rede Federal de Educa{\c{c}}{\~a}o Profissional, Cient{\'\i}fica e Tecnol{\'o}gica, cria os Institutos Federais de Educa{\c{c}}{\~a}o, Ci{\^e}ncia e Tecnologia, e d{\'a} outras provid{\^e}ncias},
  year={2008}
}

@misc{historiaif,
	title={Histórico},
	author={MEC},
	howpublished={\url{http://redefederal.mec.gov.br/historico}},
	year={2016},
	note = {Online; acessado em 14 de abril de 2019}
}

@misc{regimentoifg,
	title={Regimento Geral do IFG},
	author={IFG},
	howpublished={\url{http://www.ifg.edu.br/documentos}},
	year={2018},
	note = {Online; acessado em 14 de abril de 2019}
}

@misc{brasil1990lei,
  title={Lei n{\textordmasculine} 8.112, de 11 de dezembro de 1990. Disp{\~o}e sobre o Regime Jur{\'\i}dico dos Servidores P{\'u}blicos Civis da Uni{\~a}o, das autarquias e das funda{\c{c}}{\~o}es p{\'u}blicas federais},
  author={BRASIL},
  journal={Di{\'a}rio Oficial da Uni{\~a}o [da] Rep{\'u}blica Federativa do Brasil},
  year={1990}
}

@misc{historiaifg,
	title={História do IFG},
	author={IFG},
	howpublished={\url{http://www.ifg.edu.br/estudenoifg/17-ifg/ultimas-noticias/10104-historia-do-ifg}},
	year={2016},
	note = {Online; acessado em 11 de abril de 2019}
}

@book{pressmanengenharia,
  title= {Engenharia de software: uma abordagem profissional. 7aedi{\c{c}}ao.},
  author= {PRESSMAN, RS},
  year = {2011},
  publisher = {ed.[Sl]: AMGH Editora Ltda},
  journal={Tradu{\c{c}}ao Jos{\'e} Carlos Barbosa dos Santos},
  keywords = {engenharia, software}
}

@book{mendes2009programaccao,
  title={Programa{\c{c}}{\~a}o Java com {\^e}nfase em Orienta{\c{c}}{\~a}o a Objetos},
  author={Mendes, Douglas Rocha},
  year={2009},
  publisher={Novatec Editora}
}

@article{gonccalves2007,
  title={Desenvolvendo aplica{\c{c}}{\~o}es web com jsp, servlets, javaserver faces, hibernate, ejb 3 persistence e ajax},
  author={Gon{\c{c}}alves, Edson},
  journal={Rio de Janeiro: Ci{\^e}ncia Moderna},
  pages={1--187},
  year={2007}
}

@misc{w3c,
	title={HTML e CSS},
	author={W3C},
	howpublished={\url{https://www.w3.org/standards/webdesign/htmlcss}},
	year={2016},
	note = {Online; acessado em 14 de Junho de 2019}
}

@misc{pencil,
	title={Pencil Project},
	author={Evolus},
	howpublished={\url{https://pencil.evolus.vn}},
	year={2019},
	note = {Online; acessado em 05 de Abril de 2019}
}

@misc{springboot,
	title={Spring},
	author={Spring},
	howpublished={\url{https://spring.io}},
	year={2014},
	note = {Online; acessado em 15 de Junho de 2019}
}

@book{silberschatz2016sistema,
  title={Sistema de banco de dados},
  author={Silberschatz, Abraham and Sundarshan, S and Korth, Henry F},
  year={2016},
  publisher={Elsevier Brasil}
}

@article{loscio2011nosql,
  title={NoSQL no desenvolvimento de aplica{\c{c}}{\~o}es Web colaborativas},
  author={L{\'o}scio, Bernadette Farias and OLIVEIRA, HR de and PONTES, JC de S},
  journal={VIII Simp{\'o}sio Brasileiro de Sistemas Colaborativos},
  year={2011},
  note = {Online; acessado em 15 de Junho de 2019}
}

@book{mongodb,
  title={MongoDB: the definitive guide: powerful and scalable data storage},
  author={Chodorow, Kristina},
  year={2013},
  publisher={" O'Reilly Media, Inc."}
}

@book{lecheta2015web,
  title={Web Services RESTful: Aprenda a criar web services RESTful em Java na nuvem do Google},
  author={Lecheta, Ricardo R},
  year={2015},
  publisher={Novatec Editora}
}

@book{costa2017email,
  title={Email Marketing com Java e Angular utilizando servi{\c{c}}o Amazon},
  author={Costa, Gustavo Nascimento and others},
  year={2017},
  publisher={Florian{\'o}polis, SC}
}

@book{2013bootstrap,
  title={Bootstrap: Responsive Web Development},
  author={Spurlock, Jake},
  year={2013},
  publisher={" O'Reilly Media, Inc."}
}

@book{pmbok,
  title={UM GUIA DO CONHECIMENTO EM GERENCIAMENTO DE PROJETOS (GUIA PMBOK{\textregistered})},
  author={INSTITUTE, P.M.I.P.M.},
  year={2017},
  publisher={Editora Saraiva}
}

@article{xavier2005metodologia,
  title={Metodologia de gerenciamento de projetos},
  author={Xavier, Carlos Magno and Vivacqua, FR and Macedo, OS and Xavier, LF Silva},
  journal={Rio de Janeiro: Brasport},
  year={2005},
  note = {Online; acessado em 15 de Junho de 2019}
}

@article{sato2007uso,
  title={Uso eficaz de m{\'e}tricas em m{\'e}todos {\'a}geis de desenvolvimento de software},
  author={Sato, Danilo Toshiaki},
  journal={Instituto de Matem{\'a}tica e Estat{\'\i}stica, Universidade de S{\~a}o Paulo, S{\~a}o Paulo},
  volume={139},
  year={2007},
  note = {Online; acessado em 15 de Junho de 2019}
}

@book{prikladnicki2014metodos,
  title={M{\'e}todos {\'A}geis para Desenvolvimento de Software},
  author={Prikladnicki, R. and Willi, R. and Milani, F.},
  isbn={9788582602089},
  year={2014},
  publisher={Bookman Editora}
}

@book{schwaber2004agile,
  title={Agile project management with Scrum},
  author={Schwaber, Ken},
  year={2004},
  publisher={Microsoft press}
}

@book{de2003engenharia,
  title={Engenharia de software},
  author={de P{\'a}dua Paula Filho, Wilson},
  volume={2},
  year={2003},
  publisher={LTC}
}

@book{pressman2016engenharia,
  title={Engenharia de Software-8{\textordfeminine} Edi{\c{c}}{\~a}o},
  author={Pressman, Roger and Maxim, Bruce},
  year={2016},
  publisher={McGraw Hill Brasil}
}

@book{ascencio2008fundamentos,
  title={Fundamentos da programa{\c{c}}{\~a}o de computadores},
  author={Ascencio, Ana Fernanda Gomes and de Campos, Edilene Aparecida Veneruchi},
  year={2008},
  publisher={Pearson Educaci{\'o}n}
}

@misc{costa2006estrategia,
  title={Estrat{\'e}gia de automa{\c{c}}{\~a}o em testes: requisitos, arquitetura e acompanhamento de sua implanta{\c{c}}{\~a}o},
  author={Costa, Mozart Guerra and others},
  year={2006},
  publisher={[sn]},
  note = {Online; acessado em 19 de Junho de 2019}
}

@book{rios2006teste,
  title={Teste de software},
  author={Rios, Emerson and Moreira, Trayah{\'u}},
  year={2006},
  publisher={Alta Books Editora}
}

@book{rezende2006engenharia,
  title={Engenharia de software e sistemas de informa{\c{c}}{\~a}o},
  author={Rezende, Denis Alcides},
  year={2006},
  publisher={Brasport}
}

@misc{pereira2018desenvolvimento,
  title={Desenvolvimento de uma aplica{\c{c}}{\~a}o web para cria{\c{c}}{\~a}o de podcasts na educa{\c{c}}{\~a}o},
  author={Pereira, Jakson Lucas Campos and Peruchi, Lucas and others},
  year={2018},
  publisher={Ararangu{\'a}, SC},
  note = {Online; acessado em 20 de Junho de 2019}
}

@inproceedings{santana2019nosql,
  title={A NoSQL Solution for Bioinformatics Data Provenance Storage},
  author={Santana, Ingrid and da Silva, Waldeyr Mendes C and Holanda, Maristela},
  booktitle={World Conference on Information Systems and Technologies},
  pages={528--537},
  year={2019},
  organization={Springer}
}




